@INPROCEEDINGS{BasePaper,
  author={Ma, Ziyin and Oh, Changjae},
  booktitle={ICASSP 2022 - 2022 IEEE International Conference on Acoustics, Speech and Signal Processing (ICASSP)}, 
  title={A Wavelet-Based Dual-Stream Network for Underwater Image Enhancement}, 
  year={2022},
  volume={},
  number={},
  pages={2769-2773},
  keywords={Measurement;Visualization;Image color analysis;Conferences;Computational modeling;Speech enhancement;Signal processing;Underwater image enhancement;wavelet de-composition;multi-color space;dual-stream network},
  doi={10.1109/ICASSP43922.2022.9747781}
}