@article{Devecioglu_2024,
  title    = {Blind Underwater Image Restoration using Co-Operational Regressor Networks},
  year     = {2024},
  author   = {Ozer Can Devecioglu and S. Kiranyaz and T. Ince and M. Gabbouj},
  doi      = {10.48550/arxiv.2412.03995},
  pmid     = {null},
  pmcid    = {null},
  mag_id   = {null},
  journal  = {arXiv.org},
}
@article{Ma_2022,
  title    = {A Wavelet-Based Dual-Stream Network for Underwater Image Enhancement},
  year     = {2022},
  author   = {Zhen Ma and Ziyin Ma and Chang-Hwan Oh and Changjae Oh},
  doi      = {10.1109/icassp43922.2022.9747781},
  pmid     = {null},
  pmcid    = {null},
  mag_id   = {4225309680},
  journal  = {IEEE International Conference on Acoustics, Speech, and Signal Processing},
}
@article{Li_2020,
  title    = {Color Correction Based on CFA and Enhancement Based on Retinex With Dense Pixels for Underwater Images},
  year     = {2020},
  author   = {Changli Li and Changli Li and Shiqiang Tang and Shiqiang Tang and Hon Keung Kwan and Hon Keung Kwan and Jingwen Yan and Jingwen Yan and Jingwen Yan and Teng Zhou and Teng Zhou},
  doi      = {10.1109/access.2020.3019354},
  pmid     = {null},
  pmcid    = {null},
  mag_id   = {3080549542},
  journal  = {IEEE Access},
}
@article{Panetta_2021,
  title    = {Comprehensive Underwater Object Tracking Benchmark Dataset and Underwater Image Enhancement With GAN},
  year     = {2021},
  author   = {Karen Panetta and Karen Panetta and Landry Kezebou and Landry Kezebou and Victor Oludare and Victor Oludare and Sos S. Agaian and Sos S. Agaian},
  doi      = {10.1109/joe.2021.3086907},
  pmid     = {null},
  pmcid    = {null},
  mag_id   = {3183339502},
  journal  = {IEEE Journal of Oceanic Engineering},
}
@article{Fayaz_2023,
  title    = {Intelligent Underwater Object Detection and Image Restoration for Autonomous Underwater Vehicles},
  year     = {2023},
  author   = {Sheezan Fayaz and Shabir A. Parah and G. J. Qureshi and Jaime Lloret and Javier Del Ser and Khan Muhammad},
  doi      = {10.1109/tvt.2023.3318629},
  pmid     = {null},
  pmcid    = {null},
  mag_id   = {4387010722},
  journal  = {IEEE Transactions on Vehicular Technology},
}
@article{Saleem_2023,
  title    = {A Non-Reference Evaluation of Underwater Image Enhancement Methods Using a New Underwater Image Dataset},
  year     = {2023},
  author   = {Ashraf Saleem and Paheding Sidike and Nathir A. Rawashdeh and Ali Ismail Awad and Navjot Kaur},
  doi      = {10.1109/access.2023.3240648},
  pmid     = {null},
  pmcid    = {null},
  mag_id   = {4318586155},
  journal  = {IEEE Access},
}
@article{Li_2021,
  title    = {Underwater Image Enhancement via Medium Transmission-Guided Multi-Color Space Embedding},
  year     = {2021},
  author   = {Chongyi Li and Chongyi Li and Saeed Anwar and Saeed Anwar and Junhui Hou and Junhui Hou and Runmin Cong and Runmin Cong and Chunle Guo and Chunle Guo and Wenqi Ren and Wenqi Ren},
  doi      = {10.1109/tip.2021.3076367},
  pmid     = {33961554},
  pmcid    = {null},
  mag_id   = {3159660641},
  journal  = {IEEE Transactions on Image Processing},
}
@article{Peng_2022,
  title    = {Underwater Image Enhancement Based on Histogram-Equalization Approximation Using Physics-Based Dichromatic Modeling.},
  year     = {2022},
  author   = {Yan-Tsung Peng and Yan-Tsung Peng and Yen-Rong Chen and Yen-Rong Chen and Zihao Chen and Zihao Chen and Jung-Hua Wang and Jung-Hua Wang and Shih-Chia Huang and Shih-Chia Huang},
  doi      = {10.3390/s22062168},
  pmid     = {35336336},
  pmcid    = {8953322},
  mag_id   = {4220815208},
  journal  = {Sensors},
}
@article{Yuan_2025,
  title    = {IGFU: A Hybrid Underwater Image Enhancement Approach Combining Adaptive GWA, FFA-Net With USM},
  year     = {2025},
  author   = {Xin Yuan and Chenhui Wang and Xiaohong Chen and Mingxuan Wang and Ning Li and Changli Yu},
  doi      = {10.1109/ojcs.2024.3492698},
  pmid     = {null},
  pmcid    = {null},
  mag_id   = {null},
  journal  = {IEEE Open Journal of the Computer Society},
}
@article{Wu_2021,
  title    = {A Two-Stage Underwater Enhancement Network Based on Structure Decomposition and Characteristics of Underwater Imaging},
  year     = {2021},
  author   = {Shengcong Wu and Shengcong Wu and Ting Luo and Ting Luo and Gangyi Jiang and Jiang Gangyi and Gangyi Jiang and Mei Yu and Mei Yu and Mei Yu and Haiyong Xu and Haiyong Xu and Zhongkui Zhu and Zhongjie Zhu and Zhongjie Zhu and Yang Song and Yang Song},
  doi      = {10.1109/joe.2021.3064093},
  pmid     = {null},
  pmcid    = {null},
  mag_id   = {3159377007},
  journal  = {IEEE Journal of Oceanic Engineering},
}
@article{Tun_2024,
  title    = {Lightweight Underwater Image Enhancement via Impulse Response of Low-Pass Filter Based Attention Network},
  year     = {2024},
  author   = {May Thet Tun and Yosuke Sugiura and Tetsuya Shimamura},
  doi      = {10.1109/icip51287.2024.10647440},
  pmid     = {null},
  pmcid    = {null},
  mag_id   = {null},
  journal  = {International Conference on Information Photonics},
  abstract = {null}
}